@book{latex-companion,
	title		= {The \LaTeX Companion},
	author		= {Frank Mittelbach and Michel Goossens and Johannes Braams and David Carlisle and Chris Rowley},
	publisher	= {Addison-Wesley},
	year		= {2004},
	isbn		= {0-201-36299-6},
	edition		= {2}
}
